@article{DBLP:journals/corr/abs-2003-03123,
  author    = {Johannes Klicpera and
               Janek Gro{\ss} and
               Stephan G\"unnemann},
  title     = {Directional Message Passing for Molecular Graphs},
  journal   = {CoRR},
  volume    = {abs/2003.03123},
  year      = {2020},
  url       = {https://arxiv.org/abs/2003.03123},
  eprinttype = {arXiv},
  eprint    = {2003.03123},
  timestamp = {Tue, 10 Mar 2020 13:33:48 +0100},
  biburl    = {https://dblp.org/rec/journals/corr/abs-2003-03123.bib},
  bibsource = {dblp computer science bibliography, https://dblp.org}
}
@misc{https://doi.org/10.48550/arxiv.2106.08903,
  doi = {10.48550/ARXIV.2106.08903},
  url = {https://arxiv.org/abs/2106.08903},
  author = {Gasteiger, Johannes and Becker, Florian and G\"unnemann, Stephan},
  keywords = {Computational Physics (physics.comp-ph), Machine Learning (cs.LG), Chemical Physics (physics.chem-ph), Machine Learning (stat.ML), FOS: Physical sciences, FOS: Physical sciences, FOS: Computer and information sciences, FOS: Computer and information sciences},
  title = {GemNet: Universal Directional Graph Neural Networks for Molecules},
  publisher = {arXiv},
  year = {2021},
  copyright = {Creative Commons Attribution 4.0 International}
}
@article{DBLP:journals/corr/abs-1910-02054,
  author    = {Samyam Rajbhandari and
               Jeff Rasley and
               Olatunji Ruwase and
               Yuxiong He},
  title     = {ZeRO: Memory Optimization Towards Training {A} Trillion Parameter
               Models},
  journal   = {CoRR},
  volume    = {abs/1910.02054},
  year      = {2019},
  url       = {http://arxiv.org/abs/1910.02054},
  eprinttype = {arXiv},
  eprint    = {1910.02054},
  timestamp = {Wed, 09 Oct 2019 14:07:58 +0200},
  biburl    = {https://dblp.org/rec/journals/corr/abs-1910-02054.bib},
  bibsource = {dblp computer science bibliography, https://dblp.org}
}
@misc{https://doi.org/10.48550/arxiv.2203.09697,
  doi = {10.48550/ARXIV.2203.09697},
  url = {https://arxiv.org/abs/2203.09697},
  author = {Sriram, Anuroop and Das, Abhishek and Wood, Brandon M. and Goyal, Siddharth and Zitnick, C. Lawrence},
  keywords = {Machine Learning (cs.LG), Computational Physics (physics.comp-ph), Machine Learning (stat.ML), FOS: Computer and information sciences, FOS: Computer and information sciences, FOS: Physical sciences, FOS: Physical sciences},
  title = {Towards Training Billion Parameter Graph Neural Networks for Atomic Simulations},
  publisher = {arXiv},
  year = {2022},
  copyright = {arXiv.org perpetual, non-exclusive license}
}

@misc{https://doi.org/10.48550/arxiv.1910.02054,
  doi = {10.48550/ARXIV.1910.02054},
  
  url = {https://arxiv.org/abs/1910.02054},
  
  author = {Rajbhandari, Samyam and Rasley, Jeff and Ruwase, Olatunji and He, Yuxiong},
  
  keywords = {Machine Learning (cs.LG), Distributed, Parallel, and Cluster Computing (cs.DC), Machine Learning (stat.ML), FOS: Computer and information sciences, FOS: Computer and information sciences},
  
  title = {ZeRO: Memory Optimizations Toward Training Trillion Parameter Models},
  
  publisher = {arXiv},
  
  year = {2019},
  
  copyright = {arXiv.org perpetual, non-exclusive license}
}

@misc{https://doi.org/10.48550/arxiv.1811.02084,
  doi = {10.48550/ARXIV.1811.02084},
  
  url = {https://arxiv.org/abs/1811.02084},
  
  author = {Shazeer, Noam and Cheng, Youlong and Parmar, Niki and Tran, Dustin and Vaswani, Ashish and Koanantakool, Penporn and Hawkins, Peter and Lee, HyoukJoong and Hong, Mingsheng and Young, Cliff and Sepassi, Ryan and Hechtman, Blake},
  
  keywords = {Machine Learning (cs.LG), Distributed, Parallel, and Cluster Computing (cs.DC), Machine Learning (stat.ML), FOS: Computer and information sciences, FOS: Computer and information sciences},
  
  title = {Mesh-TensorFlow: Deep Learning for Supercomputers},
  
  publisher = {arXiv},
  
  year = {2018},
  
  copyright = {arXiv.org perpetual, non-exclusive license}
}

@misc{https://doi.org/10.48550/arxiv.1909.08053,
  doi = {10.48550/ARXIV.1909.08053},
  
  url = {https://arxiv.org/abs/1909.08053},
  
  author = {Shoeybi, Mohammad and Patwary, Mostofa and Puri, Raul and LeGresley, Patrick and Casper, Jared and Catanzaro, Bryan},
  
  keywords = {Computation and Language (cs.CL), FOS: Computer and information sciences, FOS: Computer and information sciences},
  
  title = {Megatron-LM: Training Multi-Billion Parameter Language Models Using Model Parallelism},
  
  publisher = {arXiv},
  
  year = {2019},
  
  copyright = {arXiv.org perpetual, non-exclusive license}
}

@misc{https://doi.org/10.48550/arxiv.1811.06965,
  doi = {10.48550/ARXIV.1811.06965},
  
  url = {https://arxiv.org/abs/1811.06965},
  
  author = {Huang, Yanping and Cheng, Youlong and Bapna, Ankur and Firat, Orhan and Chen, Mia Xu and Chen, Dehao and Lee, HyoukJoong and Ngiam, Jiquan and Le, Quoc V. and Wu, Yonghui and Chen, Zhifeng},
  
  keywords = {Computer Vision and Pattern Recognition (cs.CV), FOS: Computer and information sciences, FOS: Computer and information sciences},
  
  title = {GPipe: Efficient Training of Giant Neural Networks using Pipeline Parallelism},
  
  publisher = {arXiv},
  
  year = {2018},
  
  copyright = {arXiv.org perpetual, non-exclusive license}
}

@misc{https://doi.org/10.48550/arxiv.1806.03377,
  doi = {10.48550/ARXIV.1806.03377},
  
  url = {https://arxiv.org/abs/1806.03377},
  
  author = {Harlap, Aaron and Narayanan, Deepak and Phanishayee, Amar and Seshadri, Vivek and Devanur, Nikhil and Ganger, Greg and Gibbons, Phil},
  
  keywords = {Distributed, Parallel, and Cluster Computing (cs.DC), FOS: Computer and information sciences, FOS: Computer and information sciences},
  
  title = {PipeDream: Fast and Efficient Pipeline Parallel DNN Training},
  
  publisher = {arXiv},
  
  year = {2018},
  
  copyright = {arXiv.org perpetual, non-exclusive license}
}
@misc{https://doi.org/10.48550/arxiv.1806.01261,
  doi = {10.48550/ARXIV.1806.01261},
  
  url = {https://arxiv.org/abs/1806.01261},
  
  author = {Battaglia, Peter W. and Hamrick, Jessica B. and Bapst, Victor and Sanchez-Gonzalez, Alvaro and Zambaldi, Vinicius and Malinowski, Mateusz and Tacchetti, Andrea and Raposo, David and Santoro, Adam and Faulkner, Ryan and Gulcehre, Caglar and Song, Francis and Ballard, Andrew and Gilmer, Justin and Dahl, George and Vaswani, Ashish and Allen, Kelsey and Nash, Charles and Langston, Victoria and Dyer, Chris and Heess, Nicolas and Wierstra, Daan and Kohli, Pushmeet and Botvinick, Matt and Vinyals, Oriol and Li, Yujia and Pascanu, Razvan},
  
  keywords = {Machine Learning (cs.LG), Artificial Intelligence (cs.AI), Machine Learning (stat.ML), FOS: Computer and information sciences, FOS: Computer and information sciences},
  
  title = {Relational inductive biases, deep learning, and graph networks},
  
  publisher = {arXiv},
  
  year = {2018},
  
  copyright = {arXiv.org perpetual, non-exclusive license}
}

@article{Chanussot_2021,
	doi = {10.1021/acscatal.0c04525},
  
	url = {https://doi.org/10.1021%2Facscatal.0c04525},
  
	year = 2021,
	month = {may},
  
	publisher = {American Chemical Society ({ACS})},
  
	volume = {11},
  
	number = {10},
  
	pages = {6059--6072},
  
	author = {Lowik Chanussot and Abhishek Das and Siddharth Goyal and Thibaut Lavril and Muhammed Shuaibi and Morgane Riviere and Kevin Tran and Javier Heras-Domingo and Caleb Ho and Weihua Hu and Aini Palizhati and Anuroop Sriram and Brandon Wood and Junwoong Yoon and Devi Parikh and C. Lawrence Zitnick and Zachary Ulissi},
  
	title = {Open Catalyst 2020 ({OC}20) Dataset and Community Challenges},
  
	journal = {{ACS} Catalysis}
}

@article{doi:10.1021/ed5004788,
author = {Baseden, Kyle A. and Tye, Jesse W.},
title = {Introduction to Density Functional Theory: Calculations by Hand on the Helium Atom},
journal = {Journal of Chemical Education},
volume = {91},
number = {12},
pages = {2116-2123},
year = {2014},
doi = {10.1021/ed5004788},

URL = { 
        https://doi.org/10.1021/ed5004788
    
},
eprint = { 
        https://doi.org/10.1021/ed5004788
    
}

}

@misc{https://doi.org/10.48550/arxiv.2206.08917,
  doi = {10.48550/ARXIV.2206.08917},
  
  url = {https://arxiv.org/abs/2206.08917},
  
  author = {Tran, Richard and Lan, Janice and Shuaibi, Muhammed and Goyal, Siddharth and Wood, Brandon M. and Das, Abhishek and Heras-Domingo, Javier and Kolluru, Adeesh and Rizvi, Ammar and Shoghi, Nima and Sriram, Anuroop and Ulissi, Zachary and Zitnick, C. Lawrence},
  
  keywords = {Materials Science (cond-mat.mtrl-sci), Machine Learning (cs.LG), Computational Physics (physics.comp-ph), FOS: Physical sciences, FOS: Physical sciences, FOS: Computer and information sciences, FOS: Computer and information sciences},
  
  title = {The Open Catalyst 2022 (OC22) Dataset and Challenges for Oxide Electrocatalysis},
  
  publisher = {arXiv},
  
  year = {2022},
  
  copyright = {arXiv.org perpetual, non-exclusive license}
}









